<?xml version="1.0" encoding="UTF-8"?><collection xmlns="http://www.loc.gov/MARC21/slim"><record><leader>00390nam--2200133-i-4500</leader><controlfield tag="001">000009252</controlfield><controlfield tag="002">20161230</controlfield><controlfield tag="005">20161230201028</controlfield><controlfield tag="008">060222s1000------------r-----000-0-eng-d</controlfield><datafield ind1=" " ind2=" " tag="100"><subfield code="a">Dickson, T.R</subfield></datafield><datafield ind1=" " ind2=" " tag="245"><subfield code="a">The computer and chemistry. an introduction to programming and numerical methods</subfield></datafield><datafield ind1=" " ind2=" " tag="260"><subfield code="a">San Francisco, W.E.Freeman And Company, 1968</subfield></datafield><datafield ind1=" " ind2=" " tag="490"><subfield code="a">Viii+216p</subfield></datafield><datafield ind1=" " ind2=" " tag="852"><subfield code="a">681.3.06:54</subfield></datafield></record></collection>